
@book{al-shemmeriWindTurbines2010,
  title = {Wind Turbines},
  author = {Al-Shemmeri, Tarik},
  date = {2010},
  url = {http://www.library.auckland.ac.nz/eproducts/ebooks/Bookboon/wind-turbines.pdf},
  urldate = {2018-10-13},
  isbn = {978-87-7681-692-6},
  langid = {english},
  note = {OCLC: 921284178}
}

@online{askmediagroupWhatAreScope2020,
  title = {What Are Scope and Limitations in Research?},
  author = {{Ask Media Group}},
  date = {2020},
  journaltitle = {Reference},
  url = {https://www.reference.com/world-view/scope-limitations-research-93aa9f6a2e9c469},
  urldate = {2020-03-18},
  abstract = {Scope and limitations are two terms that address the details of a research project. The term scope refers to the problem or issue that the researcher wants to study with the project. Limitations is...},
  file = {C\:\\Users\\acer P248M\\Zotero\\storage\\Y79XWW8M\\scope-limitations-research-93aa9f6a2e9c469.html},
  langid = {english},
  note = {Library Catalog: www.reference.com}
}

@online{doschHowWriteResults2009,
  title = {How to Write the Results and Discussion},
  author = {Dosch, Michael P.},
  date = {2009-06},
  url = {https://healthprofessions.udmercy.edu/academics/na/agm/htresult.htm},
  urldate = {2020-03-21},
  file = {C\:\\Users\\acer P248M\\Zotero\\storage\\2487V3X4\\htresult.html}
}

@online{friedlanderPrinciplesOrganization2004,
  title = {Principles of Organization},
  author = {Friedlander, John},
  date = {2004},
  journaltitle = {The Guide to Grammar and Writing},
  url = {http://guidetogrammar.org/grammar/composition/organization.htm},
  urldate = {2020-03-19},
  file = {C\:\\Users\\acer P248M\\Zotero\\storage\\FLY4QFDQ\\organization.html}
}

@online{georgemasonuniversityWritingAbstract2020,
  title = {Writing an Abstract},
  author = {{George Mason University}},
  date = {2020},
  journaltitle = {The Writing Center},
  url = {https://writingcenter.gmu.edu/guides/writing-an-abstract},
  urldate = {2020-03-18},
  abstract = {What is an abstract?

An abstract is a 150- to 250-word paragraph that provides readers with a quick overview of your essay or report and...},
  file = {C\:\\Users\\acer P248M\\Zotero\\storage\\68JT579N\\writing-an-abstract.html},
  langid = {english},
  note = {Library Catalog: writingcenter.gmu.edu}
}

@online{grammarly.comWhatDifferenceDashes2016,
  title = {What’s the Difference between Dashes and Hyphens?},
  author = {{Grammarly.com}},
  date = {2016-01-07},
  journaltitle = {Dashes vs. Hyphens–What's the Difference?},
  url = {https://www.grammarly.com/blog/hyphens-and-dashes/},
  urldate = {2020-03-24},
  abstract = {A hyphen (-) is a punctuation mark that’s used to join words or parts of words. It’s not interchangeable with other types of dashes. A…},
  file = {C\:\\Users\\acer P248M\\Zotero\\storage\\DSR9ZN9G\\hyphens-and-dashes.html},
  langid = {english},
  note = {Library Catalog: www.grammarly.com}
}

@online{hardyGuidesLiteratureReview2020,
  title = {Guides: {{Literature}} Review - {{How}} to Search Effectively},
  shorttitle = {Guides},
  author = {Hardy, Amy},
  date = {2020-03-19},
  journaltitle = {University of Wollongong Australia},
  url = {https://uow.libguides.com/literaturereview/how},
  urldate = {2020-03-19},
  abstract = {This guide will help get you started with searching for information for your literature review.},
  file = {C\:\\Users\\acer P248M\\Zotero\\storage\\377GQKDV\\how.html},
  langid = {english},
  note = {Library Catalog: uow.libguides.com}
}

@online{labareeTypesResearchDesigns2020,
  title = {Types of Research Designs - {{Organizing}} Your Social Sciences Research Paper},
  author = {Labaree, Robert V.},
  date = {2020-03-03},
  journaltitle = {Research Guides at University of Southern California},
  url = {https://libguides.usc.edu/writingguide/researchdesigns},
  urldate = {2020-03-20},
  file = {C\:\\Users\\acer P248M\\Zotero\\storage\\TXYAIUUT\\researchdesigns.html}
}

@collection{letcherWindEnergyEngineering2017,
  title = {Wind Energy Engineering: A Handbook for Onshore and Offshore Wind Turbines},
  shorttitle = {Wind Energy Engineering},
  editor = {Letcher, T. M.},
  date = {2017},
  publisher = {{Academic Press, an imprint of Elsevier}},
  location = {{London ; San Diego}},
  abstract = {"Wind energy is pivotal in global electricity generation and for contributing for achieving future essential energy demands and targets. In this fast moving field, Wind Energy Engineering: A Handbook for onshore and offshore Wind Turbines is the most advanced, up to date, and research focused text on all aspects of wind energy engineering. This must-have edition starts with an in-depth look at the fundamentals of wind power, the present state of wind power in the worldwide, integration into national grids, and continues with a high-level assessment of the advances in turbine technology and how the investment, planning, aesthetics, and economic infrastructure can support those innovations. It also includes chapters on storing wind energy, small-scale wind systems, life cycle assessments, investments, and growth trends" -- Back cover},
  isbn = {978-0-12-809451-8},
  keywords = {Handbooks and manuals,Handbooks; manuals; etc,Wind power,Wind turbines},
  note = {OCLC: ocn960845319},
  pagetotal = {600}
}

@online{mccombesLiteratureReviewComplete2019,
  title = {The Literature Review | {{A}} Complete Step-by-Step Guide},
  author = {McCombes, Shona},
  date = {2019-02-22T08:13:40+00:00},
  journaltitle = {Scribbr},
  url = {https://www.scribbr.com/dissertation/literature-review/},
  urldate = {2020-03-19},
  abstract = {A literature review is a survey of scholarly knowledge on a topic. It is used to identify trends, debates, and gaps in the research.},
  file = {C\:\\Users\\acer P248M\\Zotero\\storage\\8R3CC732\\literature-review.html},
  langid = {american},
  note = {Library Catalog: www.scribbr.com}
}

@online{merriam-websterDefinitionBanana,
  title = {Definition of Banana},
  author = {{Merriam-Webster}},
  url = {https://www.merriam-webster.com/dictionary/banana},
  urldate = {2020-03-18},
  abstract = {an elongated usually tapering tropical fruit with soft pulpy flesh enclosed in a soft usually yellow rind; any of several widely cultivated perennial often treelike herbs (genus Musa of the family Musaceae, the banana family) bearing bananas in compact pendent bunches… See the full definition},
  file = {C\:\\Users\\acer P248M\\Zotero\\storage\\8J58YL2M\\banana.html},
  langid = {english}
}

@online{merriam-websterDefinitionFruit,
  title = {Definition of Fruit},
  author = {{Merriam-Webster}},
  url = {https://www.merriam-webster.com/dictionary/fruit},
  urldate = {2020-03-18},
  abstract = {a product of plant growth (such as grain, vegetables, or cotton); the usually edible reproductive body of a seed plant; especially : one having a sweet pulp associated with the seed… See the full definition},
  file = {C\:\\Users\\acer P248M\\Zotero\\storage\\AZDTGCRL\\fruit.html},
  langid = {english}
}

@online{merriam-websterDefinitionPig,
  title = {Definition of Pig},
  author = {{Merriam-Webster}},
  url = {https://www.merriam-webster.com/dictionary/pig},
  urldate = {2020-03-18},
  abstract = {a young domesticated swine usually weighing less than 120 pounds (50 kilograms); a wild or domesticated swine regardless of age or weight; pork… See the full definition},
  file = {C\:\\Users\\acer P248M\\Zotero\\storage\\T9C9UFHL\\pig.html},
  langid = {english}
}

@online{merriam-websterDefinitionPlagiarizing,
  title = {Definition of Plagiarizing},
  author = {{Merriam-Webster}},
  url = {https://www.merriam-webster.com/dictionary/plagiarizing},
  urldate = {2020-03-19},
  abstract = {to steal and pass off (the ideas or words of another) as one's own : use (another's production) without crediting the source; to commit literary theft : present as new and original an idea or product derived from an existing source… See the full definition},
  file = {C\:\\Users\\acer P248M\\Zotero\\storage\\7LR8BGHD\\plagiarizing.html},
  langid = {english}
}

@online{monashuniversityConclusionsRecommendations2020,
  title = {Conclusions and Recommendations},
  author = {{Monash University}},
  date = {2020-02},
  journaltitle = {Research \& Learning Online},
  url = {https://www.monash.edu/rlo/assignment-samples/engineering/eng-writing-technical-reports/conclusions-and-recommendations},
  urldate = {2020-03-21},
  file = {C\:\\Users\\acer P248M\\Zotero\\storage\\SF6FGF6I\\conclusions-and-recommendations.html},
  langid = {english},
  note = {Library Catalog: www.monash.edu}
}

@article{ruanDoesWritingSystem2018,
  title = {Does Writing System Influence the Associations between Phonological Awareness, Morphological Awareness, and Reading? {{A}} Meta-Analysis.},
  shorttitle = {Does Writing System Influence the Associations between Phonological Awareness, Morphological Awareness, and Reading?},
  author = {Ruan, Yufang and Georgiou, George K. and Song, Shuang and Li, Yixun and Shu, Hua},
  date = {2018-02},
  journaltitle = {Journal of Educational Psychology},
  shortjournal = {Journal of Educational Psychology},
  volume = {110},
  pages = {180--202},
  issn = {1939-2176, 0022-0663},
  doi = {10.1037/edu0000216},
  url = {http://doi.apa.org/getdoi.cfm?doi=10.1037/edu0000216},
  urldate = {2020-03-22},
  abstract = {The authors examined the role of writing system in the relationship between phonological awareness, morphological awareness, and reading. The results of the meta-analysis revealed significant relationships between these linguistic skills and reading in each language, but the strength of the relationships was influenced by the writing system, the type of reading outcome, and the type of task used to operationalize phonological awareness and morphological awareness. These findings help us better understand the linguistic skills that are most important for reading acquisition in different writing systems.},
  file = {C\:\\Users\\acer P248M\\Zotero\\storage\\3MGJA7U7\\Ruan et al. - 2018 - Does writing system influence the associations bet.pdf},
  langid = {english},
  number = {2}
}

@online{sachdevHowWriteBackground2018,
  title = {How to Write the Background of Your Study},
  author = {Sachdev, Rishibha},
  date = {2018-11-27T05:28:01+00:00},
  journaltitle = {Editage Insights},
  url = {https://www.editage.com/insights/how-to-write-the-background-of-your-study},
  urldate = {2020-03-18},
  abstract = {While the findings of your study form the foreground of your research, it is equally important to establish the background of your study.~This article covers the basics of writing the background and explains how it is different from the literature review.},
  file = {C\:\\Users\\acer P248M\\Zotero\\storage\\8KPZVLH6\\how-to-write-the-background-of-your-study.html},
  langid = {english},
  note = {Library Catalog: www.editage.com}
}

@online{skillsyouneed.comDissertationWritingResults2020,
  title = {Dissertation Writing: {{Results}} and Discussion},
  author = {{SkillsYouNeed.com}},
  date = {2020},
  journaltitle = {SkillsYouNeed},
  url = {https://www.skillsyouneed.com/learn/dissertation-results-discussion.html},
  urldate = {2020-03-21},
  file = {C\:\\Users\\acer P248M\\Zotero\\storage\\7DJWKJZK\\dissertation-results-discussion.html}
}

@online{thecharlesworthgroupWhatIncludeYour2020,
  title = {What to Include in Your Acknowledgments Section},
  author = {{The Charlesworth Group}},
  date = {2020},
  journaltitle = {Charlesworth Author Services},
  url = {https://www.cwauthors.com/article/what-to-include-in-your-acknowledgments-section},
  urldate = {2020-03-18},
  file = {C\:\\Users\\acer P248M\\Zotero\\storage\\5FS4LUBR\\what-to-include-in-your-acknowledgments-section.html}
}

@online{theopenuniversityHealthManagementEthics2017,
  title = {Health Management, Ethics and Research Module: 13.4.2~~{{Research}} Objectives},
  author = {{The Open University}},
  date = {2017},
  journaltitle = {OLCreate},
  url = {https://www.open.edu/openlearncreate/mod/oucontent/view.php?id=231&section=8.6.2},
  urldate = {2020-03-18},
  file = {C\:\\Users\\acer P248M\\Zotero\\storage\\PG9IXPZJ\\view.html}
}

@book{trewbyWindEnergyImplications2014,
  title = {Wind Energy: {{Implications}} of Large-Scale Deployment on the {{GB}} Electricity System},
  author = {Trewby, John and Kemp, Roger and Green, Richard and Harrison, Gareth and Gross, Rob and Smith, Richard and Williamson, Steve},
  date = {2014},
  publisher = {{Royal Academy of Engineering}},
  isbn = {978-1-909327-07-8},
  langid = {english}
}

@online{WritingThesisSignificance2016,
  title = {Writing Thesis Significance of the Study – {{Thesis}} Notes},
  date = {2016-09-19},
  journaltitle = {Thesis Notes},
  url = {https://thesisnotes.com/thesis-writing/writing-thesis-significance-of-the-study/},
  urldate = {2020-03-18},
  file = {C\:\\Users\\acer P248M\\Zotero\\storage\\HF8V5V78\\writing-thesis-significance-of-the-study.html},
  langid = {american},
  note = {Library Catalog: thesisnotes.com}
}


